@incollection{NIPS2010_3956,
title = {Copula Bayesian Networks},
author = {Gal Elidan},
booktitle = {Advances in Neural Information Processing Systems 23},
editor = {J. D. Lafferty and C. K. I. Williams and J. Shawe-Taylor and R. S. Zemel and A. Culotta},
pages = {559--567},
year = {2010},
publisher = {Curran Associates, Inc.},
url = {http://papers.nips.cc/paper/3956-copula-bayesian-networks.pdf}
}
@article{sklar_1959,
author="Sklar, A.",
title="Fonctions de repartition a n dimensions et leurs marges",
journal="Publ. Inst. Statist. Univ. Paris",
ISSN="",
publisher="",
year="1959",
month="",
volume="8",
number="",
pages="229-231",
DOI="",
}
